<?xml version="1.0" encoding="UTF-8"?>
  <record xmlns="http://www.loc.gov/MARC21/slim" type="Authority">
    <leader>00000nz  a2200000nc 4500</leader>
    <controlfield tag="001">123160081</controlfield>
    <controlfield tag="003">DE-101</controlfield>
    <controlfield tag="005">20141210191714.0</controlfield>
    <controlfield tag="008">010828n||aznnnaabn           | aaa    |c</controlfield>
    <datafield tag="024" ind1="7" ind2=" ">
      <subfield code="a">123160081</subfield>
      <subfield code="0">http://d-nb.info/gnd/123160081</subfield>
      <subfield code="2">gnd</subfield>
    </datafield>
    <datafield tag="035" ind1=" " ind2=" ">
      <subfield code="a">(DE-101)123160081</subfield>
    </datafield>
    <datafield tag="035" ind1=" " ind2=" ">
      <subfield code="a">(DE-588)123160081</subfield>
    </datafield>
    <datafield tag="035" ind1=" " ind2=" ">
      <subfield code="z">(DE-588a)123160081</subfield>
      <subfield code="9">v:zg</subfield>
    </datafield>
    <datafield tag="035" ind1=" " ind2=" ">
      <subfield code="z">(DE-588a)122873750</subfield>
    </datafield>
    <datafield tag="040" ind1=" " ind2=" ">
      <subfield code="a">DE-12</subfield>
      <subfield code="c">DE-12</subfield>
      <subfield code="9">r:DE-12</subfield>
      <subfield code="b">ger</subfield>
      <subfield code="d">9999</subfield>
    </datafield>
    <datafield tag="042" ind1=" " ind2=" ">
      <subfield code="a">gnd1</subfield>
    </datafield>
    <datafield tag="075" ind1=" " ind2=" ">
      <subfield code="b">p</subfield>
      <subfield code="2">gndgen</subfield>
    </datafield>
    <datafield tag="075" ind1=" " ind2=" ">
      <subfield code="b">piz</subfield>
      <subfield code="2">gndspec</subfield>
    </datafield>
    <datafield tag="079" ind1=" " ind2=" ">
      <subfield code="a">g</subfield>
      <subfield code="q">a</subfield>
      <subfield code="q">f</subfield>
      <subfield code="u">v</subfield>
    </datafield>
    <datafield tag="100" ind1="1" ind2=" ">
      <subfield code="a">Mansfeld, Christian Friedrich &#152;von&#156;</subfield>
      <subfield code="d">1615-1666</subfield>
    </datafield>
    <datafield tag="400" ind1="1" ind2=" ">
      <subfield code="a">Mansfeld, Christian Friedrich &#152;zu&#156;</subfield>
      <subfield code="d">1615-1666</subfield>
    </datafield>
    <datafield tag="400" ind1="1" ind2=" ">
      <subfield code="a">Manßfeld, Christianus Friedericus &#152;in&#156;</subfield>
      <subfield code="d">1615-1666</subfield>
    </datafield>
    <datafield tag="400" ind1="1" ind2=" ">
      <subfield code="a">Manßfeld, Christianus Fridericus &#152;in&#156;</subfield>
      <subfield code="d">1615-1666</subfield>
    </datafield>
    <datafield tag="400" ind1="1" ind2=" ">
      <subfield code="a">Manßfeld, Christian Friedrich &#152;von&#156;</subfield>
      <subfield code="d">1615-1666</subfield>
    </datafield>
    <datafield tag="400" ind1="1" ind2=" ">
      <subfield code="a">Mansfeld, Christianus-Friedericus &#152;a&#156;</subfield>
      <subfield code="d">1615-1666</subfield>
    </datafield>
    <datafield tag="548" ind1=" " ind2=" ">
      <subfield code="a">1615-1666</subfield>
      <subfield code="4">datl</subfield>
      <subfield code="4">https://d-nb.info/standards/elementset/gnd#dateOfBirthAndDeath</subfield>
      <subfield code="w">r</subfield>
      <subfield code="i">Lebensdaten</subfield>
    </datafield>
    <datafield tag="667" ind1=" " ind2=" ">
      <subfield code="a">12</subfield>
    </datafield>
    <datafield tag="667" ind1=" " ind2=" ">
      <subfield code="a">VD-17</subfield>
    </datafield>
    <datafield tag="670" ind1=" " ind2=" ">
      <subfield code="a">Vorlagen (latinisiert)</subfield>
    </datafield>
    <datafield tag="672" ind1=" " ind2="0">
      <subfield code="a">Rinckart, Martin: Magnalia Clementiae &amp; Potentiae Divinae In Choro, Foro ac Thoro iam-olim hodieq[ue] facta 15. Calend. Novemb. Quo &amp; ipso die nunc-Genethliaco Jehova Opt. Max. ... Friedericum-Christophorum; Comitem ac Dominum Mansfeldensem ... Ex Inclyta item &amp; Generosissima ... Domina Agnete; Comitissa ac Domina Mansfeldensi, &amp;c. ... Illustribus &amp; Inclytis Gemellis Masculis ... Domino Christiano-Friederico; Et Domino Johanne-Alberto, Clementissime &amp; largissime beavit ac ditavit. Das ist, kürtzlich, Was etwa die hohe Majestat Gottes sonsten wol ehe zuvor an dem Geburtßtage der zweyen Manßfeldischen jungen Herrlein, den 18. Octobris, denck- und merckwürdiges geschehen und ergehen lassen ... Die Solemni &amp; Salutifera, Salutiferae &amp; Solemnis Regenerationis in Arce &amp; Domo ipsa Mansfeldiaca solemniter institutae; 26. Novembris Anno 1615. - 1615</subfield>
    </datafield>
    <datafield tag="672" ind1=" " ind2="0">
      <subfield code="a">Lange, Christian: Panegyricus Beatis Manibus Illustrissimi Comitis Et Domini Dn. Christiani Friederici Comitis Ac Domini In Manßfeld, Dynastae In Heldrungen, Seeburg, Et Schraplau, Dictus In Celeberrima Propter Salam Academia Die II. Aprilis Anni M.DC.LXVII. - 1667</subfield>
    </datafield>
    <datafield tag="675" ind1=" " ind2=" ">
      <subfield code="a">Internat. biogr. Index</subfield>
      <subfield code="a">LoC-NA</subfield>
    </datafield>
    <datafield tag="913" ind1=" " ind2=" ">
      <subfield code="S">pnd</subfield>
      <subfield code="i">a</subfield>
      <subfield code="a">Mansfeld, Christian Friedrich /von</subfield>
      <subfield code="0">(DE-588a)123160081</subfield>
    </datafield>
  </record>
